@article{hoare,
    author = {Hoare, C. A. R.},
    title = {{An Axiomatic Basis for Computer Programming}},
    year = {1969},
    publisher = {Association for Computing Machinery},
    address = {New York, NY, USA},
    volume = {12},
    number = {10},
    journal = {Communications of the ACM},
    pages = {576--580},
    doi = {10.1145/363235.363259}
}

@inproceedings{gillian-part1,
    author = {Fragoso Santos, José and Petar Maksimović and Sacha {\'E}lie Ayoun and Philippa Gardner},
    title = {{Gillian, Part I: A Multi-Language Platform for Symbolic Execution}},
    booktitle = {PLDI, London, UK, June 15--19, 2020},
    url = {http://hdl.handle.net/10044/1/79291},
    year={2020}
}

@inproceedings{gillian-part2,
    author = {Maksimovic, P and Fragoso, Santos J and Ayoun, SE and Gardner, P},
    publisher = {Springer Verlag},
    title = {Gillian, Part II: Real-World Verification for JavaScript and C},
    url = {http://hdl.handle.net/10044/1/89626},
    year = {2021}
}

@inproceedings{bi-abduction,
    author = {Calcagno, Cristiano and Distefano, Dino and O’Hearn, Peter and Yang, Hongseok},
    editor = {Zhong Shao and Benjamin C. Pierce},
    title = {{Compositional Shape Analysis by Means of Bi-Abduction}},
    year = {2009},
    booktitle = {POPL '09: Proceedings of the 36th Annual ACM SIGPLAN-SIGACT Symposium on Principles of Programming Languages, POPL 2009, Savannah, GA, USA, January 21--23, 2009},
    pages = {289--300},
    publisher = {ACM},
    doi = {10.1145/1480881.1480917},
}

@inproceedings{microsoft-memory-bugs,
  title = {BlueHat IL 2019 - Matt Miller},
  date = {February 2019},
  organisation = {Microsoft},
  author = {Matt Miller},
  note = {Available at \url{https://www.youtube.com/watch?v=PjbGojjnBZQ} [Accessed 2022/01/20]}
}

@InProceedings{magpiebridge,
  author =	{Linghui Luo and Julian Dolby and Eric Bodden},
  title =	{{MagpieBridge: A General Approach to Integrating Static Analyses into IDEs and Editors (Tool Insights Paper)}},
  booktitle =	{33rd European Conference on Object-Oriented Programming (ECOOP 2019)},
  pages =	{21:1--21:25},
  series =	{Leibniz International Proceedings in Informatics (LIPIcs)},
  ISBN =	{978-3-95977-111-5},
  ISSN =	{1868-8969},
  year =	{2019},
  volume =	{134},
  editor =	{Alastair F. Donaldson},
  publisher =	{Schloss Dagstuhl--Leibniz-Zentrum fuer Informatik},
  address =	{Dagstuhl, Germany},
  URL =		{http://drops.dagstuhl.de/opus/volltexte/2019/10813},
  URN =		{urn:nbn:de:0030-drops-108139},
  doi =		{10.4230/LIPIcs.ECOOP.2019.21},
  annote =	{Keywords: IDE, Tool Support, Static Analysis, Language Server Protocol}
}

@inproceedings{infer,
    author = {Calcagno, Cristiano and Distefano, Dino},
    editor = {Bobaru, Mihaela and Havelund, Klaus and Holzmann, Gerard J. and Joshi, Rajeev},
    title = {{Infer: An Automatic Program Verifier for Memory Safety of C Programs}},
    booktitle= {NASA Formal Methods: Third International Symposium, NFM 2011, Pasadena, CA, USA, April 18--20, 2011, Proceedings},
    series = {Lecture Notes in Computer Science},
    volume = {6617},
    year = {2011},
    publisher = {Springer},
    pages= {459--465},
    doi = {10.1007/978-3-642-20398-5_33}
}

@misc{infer-site,
    author = {{The Infer Team}},
    title = {{About Infer}},
    year = {2017},
    note = {Available at: \url{https://fbinfer.com/docs/about-Infer} [Accessed 10th June 2020]}
}
